@ARTICLE{article-minimal,
   author = {L[eslie] A. Aamport},
   title = {The Gnats and Gnus Document Preparation System},
   journal = {\mbox{G-Animal's} Journal},
   year = 1986,
}

@INCOLLECTION{incollection-minimal,
   author = "Daniel D. Lincoll",
   title = "Semigroups of Recurrences",
   booktitle = "High Speed Computer and Algorithm Organization",
   publisher = "Academic Press",
   year = 1977,
}

@MASTERSTHESIS{mastersthesis-minimal,
   author = "{\'{E}}douard Masterly",
   title = "Mastering Thesis Writing",
   school = "Stanford University",
   year = 1988,
}

@PHDTHESIS{phdthesis-minimal,
   author = "F. Phidias Phony-Baloney",
   title = "Fighting Fire with Fire: Festooning {F}rench Phrases",
   school = "Fanstord University",
   year = 1988,
}

@TECHREPORT{techreport-minimal,
   author = "Tom Terrific",
   title = "An {$O(n \log n / \! \log\log n)$} Sorting Algorithm",
   institution = "Fanstord University",
   year = 1988,
}

@MISC{1,
    AUTHOR = "Fujimoto Seiji",
    TITLE = "Can we optimize the Wagner-Fischer algorithm?",
    YEAR = "2019",
    HOWPUBLISHED = "Website",
    NOTE = "Online erhältlich unter
            \url{https://ceptord.net/wagner-fischer/index.html};
            abgerufen am 11. Juni 2019"
}

@ARTICLE{2,
   author = "Robert A. Wagner und Michael J. Fischer",
   title = "The String-to-String Correction Problem",
   journal = "Journal of the Association for Computing Machinery",
   volume = "21",
   number = "1",
   pages = "168--178",
   year = 1974,
   note = "Online erhältlich unter \url{http://www.inrg.csie.ntu.edu.tw/algorithm2014/homework/Wagner-74.pdf}; abgerufen am 14. Juni 2019"
}

@MANUAL{3,
   title = "Amazon Textract Developer Guide",
   year = "2019",
   NOTE = "Online erhältlich unter
      \url{https://docs.aws.amazon.com/textract/latest/dg/textract-dg.pdf};
      abgerufen am 7. Juni 2019"
}

@MANUAL{4,
   title = "Dokumentation d.classify",
   year = "2019"
}

@MANUAL{5,
   title = "Administrationshandbuch d.capture batch Programmierung",
   year = "2019"
}

@MANUAL{6,
   title = "Anwenderhandbuch d.capture batch Anwendung",
   year = "2019"
}

@MANUAL{7,
   title = "Administrationshandbuch d.capture batch Administration",
   year = "2019"
}

@book{perelman,
   author = "Yakov Isidorovich Perelman",
   title = "Fun with Maths and Physics : Brain Teasers Tricks Illusions",
   publisher = "MIR Publishers (Moscow)",
   year = "1988"
}

@book{sloson,
   author = "Jerry Slocum, Dic Sonneveld",
   title = "The 15 Puzzle Book: How it Drove the World Crazy",
   publisher = "Slocum Puzzle Foundation",
   year = "2006"
}

@MISC{opencv,
    TITLE = "About OpenCV",
    HOWPUBLISHED = "Website",
    NOTE = "Online erhältlich unter
            \url{https://opencv.org/about/};
            abgerufen am 16. September 2019"
}

@MISC{opencv2,
   TITLE = "OpenCV: cv::Mat Class Reference",
   HOWPUBLISHED = "Website",
   NOTE = "Online erhältlich unter
          \url{https://docs.opencv.org/master/d3/d63/classcv_1_1Mat.html};
          abgerufen am 17. September 2019"
}

@MISC{opencv3,
   TITLE = "OpenCV: Introduction",
   HOWPUBLISHED = "Website",
   NOTE = "Online erhältlich unter
          \url{https://docs.opencv.org/master/d1/dfb/intro.html};
          abgerufen am 19. September 2019"
}

@MISC{opencv4,
   TITLE = "OpenCV: Hardware Acceleration Layer - Interface",
   HOWPUBLISHED = "Website",
   NOTE = "Online erhältlich unter
          \url{https://docs.opencv.org/master/d1/d1b/group__core__hal__interface.html};
          abgerufen am 20. September 2019"
}

@MISC{opencv5,
   TITLE = "OpenCV: Load, Modify, and Save an Image",
   HOWPUBLISHED = "Website",
   NOTE = "Online erhältlich unter
          \url{https://docs.opencv.org/master/db/d64/tutorial_load_save_image.html};
          abgerufen am 23. September 2019"
}

@MISC{opencv6,
   TITLE = "OpenCV: Geometric Image Transformations",
   HOWPUBLISHED = "Website",
   NOTE = "Online erhältlich unter
          \url{https://docs.opencv.org/master/da/d54/group__imgproc__transform.html};
          abgerufen am 26. September 2019"
}

@ARTICLE{robotic,
   author = {Nadav Erell,Roey Nagar},
   title = {Robotic jigsaw puzzle solver},
   year = 2012
}

@ARTICLE{crisjim,
   author = {Cris Zanoci,Jim Andress},
   title = {Making Puzzles Less Puzzling: An Automatic Jigsaw Puzzle Solver},
   year = 2016
}

@ARTICLE{loop,
   author = {Kilho Son,James Hays,David B. Cooper},
   title = {Solving Square Jigsaw Puzzles with Loop Constraints},
   year = 2013
}

@ARTICLE{gallagher,
   author = {Andrew C. Gallagher},
   title = {Jigsaw Puzzles with Pieces of Unknown Orientation},
   year = 2012
}

@ARTICLE{pomeranz,
   author = {Dolev Pomeranz,Michal Shemesh,Ohad Ben-Shahar},
   title = {A fully automated greedy square jigsaw puzzle solver},
   year = 2011,
   journal = {IEEE conference on Computer Vision and Pattern Recognition (CVPR)}
}

@ARTICLE{paikin,
   author = {Genady Paikin,Ayellet Tal},
   title = {Solving Multiple Square Jigsaw Puzzles with Missing Pieces}
}

@ARTICLE{robust,
   author = {Debajyoti Mondal,Yang Wang,Stephane Durocher},
   title = {Robust Solvers for Square Jigsaw Puzzles}
}

@ARTICLE{linear,
   author = {Rui Yu,Chris Russell,Lourdes Agapito},
   title = {Solving Jigsaw Puzzles with Linear Programming},
   year = 2015
}

@ARTICLE{hungarian,
   author = {Naif Alajlan},
   title = {Solving Square Jigsaw Puzzles Using Dynamic Programming and the Hungarian Procedure},
   year = 2009,
   journal = {American Journal of Applied Sciences}
}